@mastersthesis{Andrews2015,
    author  = {Eric Andrews},
    title = {Recommender Systems for Online Dating},
    school = {University of Helsinki},
    year={2015}
}

@misc{Leskin2019,
    author = {Paige Leskin},
    title = {Dating apps like Tinder, Match, and Bumble are still growing, but analysts predict that growth will `slow significantly' in 2019},
    note = {\url{https://www.businessinsider.com/dating-app-usage-growth-slowing-tinder-match-bumble-analysts-say-2019-6} [Accessed: March 29, 2020]},
    year = {2019}
}

@article{Courtois2018,
    author = {Courtois, C\'edric and Timmermans, Elisabeth},
    title = {Cracking the Tinder Code: An Experience Sampling
Approach to the Dynamics and Impact of Platform
Governing Algorithms},
    journal = {Journal of Computer-Mediated Communication},
    volume = {23},
    pages = {1--16},
    year = {2018},
    DOI = {doi:10.1093/jcmc/zmx001}
}

@article{McVitie1971,
    author = {McVitie, D.G. and Wilson, L.B.},
    title = {The Stable Marriage Problem},
    journal = {Communications of the ACM},
    volume = {14},
    number = {7},
    pages = {486 -- 490},
    year = {1971}
}

@article{Newman2003,
    author = {M. E. J. Newman},
    title = {The Structure and Function of Complex Networks},
    journal = {SIAM Review},
    volume = {45},
    number = {2},
    pages = {167--256},
    year = {2003}
}

@article{Khuller1994,
    author = {Khuller, Samir and Mitchell, Stephen G., and Vazirani, Vijay V.},
    title = {On-line algorithms for weighted bipartite matching and stable marriages},
    journal = {Theoretical Computer Science},
    volume = {127},
    pages = {255 -- 267},
    year = {1994}
}

@article{Demange2008,
    author = {Demange, M. and Ekim, T.},
    title = {Minimum Maximal Matching is NP-Hard in Regular Bipartite Graphs},
    journal = {Theory and Applications of Models of Computation},
    volume = {5},
    pages = {364--374},
    year = {2008}
}

@article{Hampton2019,
    author = {Hampton, Adam J. and Fisher Boyd, Amanda N. and Sprecher, Susan},
    title = {You’re like me and I like you: Mediators of the similarity–liking link assessed before and after a getting-acquainted social interaction},
    journal = {Journal of Social and Personal Relationships},
    volume = {36},
    number = {7},
    pages = {2221 -- 2244},
    year = {2019}
}

@article{Gatter2016,
    author = {Gatter, Karoline and Hodkinson, Kathleen},
    title = {On the differences between Tinder versus online dating agencies: Questioning a myth. An exploratory study},
    journal = {Cogent Psychology},
    volume = {3},
    number = {1},
    year = {2016}
}

@article{Hitsch2010,
    author = {Hitsch, G\"unter J. and Hortacsu, Ali and Ariely, Dan},
    title = {Matching and Sorting in Online Dating},
    journal = {American Economic Review},
    volume = {100},
    number = {1},
    pages = {130 -- 163},
    year = {2010}
}
    
@article{Basener2008,
    author = {Basener, Bill and Brooks, Bernard and Radin, Michael and Wiandt, Tamas},
    title = {Dynamics of a Discrete Population Model for Extinction and Sustainability in Ancient Civilizations},
    journal = {Nonlinear Dynamics, Psychology, and Life Sciences},
    volume = {12},
    number = {1},
    pages = {29 -- 53},
    year = {2008}
}
    
@book{Bondy1976,
    author = {Bondy, J.A. and Murty, U.S.R},
    title = {Graph Theory With Applications},
    year = {1976},
    publisher = {Elsevier Science Publishing Co., Inc.}
}
    

@misc{Seidman2017,
    author = {Gwendolyn Seidman},
    title = {Is Tinder Really A Hookup App?},
    note = {\url{https://www.psychologytoday.com/us/blog/close-encounters/201706/is-tinder-really-hookup-app} [Accessed: March 21, 2020]},
    year = {2017}
}

@misc{Iqbal2020,
    author = {Mansoor Iqbal},
    title = {Tinder Revenue and Usage Statistics (2020)},
    note = {\url{https://www.businessofapps.com/data/tinder-statistics/} [Accessed: March 21, 2020]},
    year = {2020}
}

@misc{Scott2016,
    author = {Ellen Scott},
    title = {How does Tinder actually work?},
    note = {\url{https://metro.co.uk/2016/02/27/how-does-tinder-actually-work-5721632/} [Accessed: April 4, 2020]},
    year = {2016}
}

@misc{Tiffany2019,
    author = {Kaitlyn Tiffany},
    title = {The Tinder Algorithm, explained},
    note = {\url{https://www.vox.com/2019/2/7/18210998/tinder-algorithm-swiping-tips-dating-app-science} [Accessed: April 13, 2020]},
    year = {2019}
}

@misc{Carman2018,
    author = {Ashley Carman},
    title = {Hinge’s newest feature claims to use machine learning to find your best match},
    note = {\url{https://www.theverge.com/2018/7/11/17560352/hinge-most-compatible-dating-machine-learning-match-recommendation}
    [Accessed: April 17, 2020]},
    year = {2018}
}

@misc{OnlineDatingDef, 
    author = {Cambridge Dictionary},
    title={Online dating}, 
    note={\url{https://dictionary.cambridge.org/us/dictionary/english/online-dating} [Accessed: April 18, 2020]}, 
    journal={Cambridge Dictionary}, 
    publisher={Cambridge University Press}
}
    
@misc{Tinder2020,
    author = {Tinder.com},
    title = {Tinder Plus and Tinder Gold},
    note = {\url{https://www.help.tinder.com/hc/en-us/articles/115004487406-Tinder-Plus-and-Tinder-Gold-} [Accessed: March 30, 2020]},
    year = {2020}
}

@misc{Tinder2019,
    author = {Tinder.com},
    title = {Powering Tinder - The Method Behind Our Matching},
    note = {\url{https://blog.gotinder.com/powering-tinder-r-the-method-behind-our-matching/} [Accessed: April 13, 2020]},
    year = {2019}
}

@misc{TinderPassport,
    author = {Tinder.com},
    title = {Passport},
    note = {\url{https://www.help.tinder.com/hc/en-us/articles/115004490423-Passport} [Accessed: April 16, 2020]},
    year = {2020}
}

@misc{TinderTopPicks,
    author = {Tinder.com},
    title = {Top Picks},
    note = {\url{https://www.help.tinder.com/hc/en-us/articles/360005039092-Top-Picks} [Accessed: April 16, 2020]},
    year = {2020}
}

@misc{TinderLikesYou,
    author = {Tinder.com},
    title = {Likes You},
    note = {\url{https://www.help.tinder.com/hc/en-us/articles/115005246123-Likes-You} [Accessed: April 16, 2020]},
    year = {2020}
}

@misc{TinderWhatIs,
    author = {Tinder.com},
    title = {What is Tinder?},
    note = {\url{https://www.help.tinder.com/hc/en-us/articles/115004647686-What-is-Tinder-} [Accessed: April 17, 2020]},
    year = {2020}
}

@misc{TinderSuperLike,
    author = {Tinder.com},
    title = {Super Like},
    note = {\url{https://www.help.tinder.com/hc/en-us/articles/115004493543-Super-Like} [Accessed: April 18, 2020]},
    year = {2020}
}